@book{kottwitz2011latex,
  title={LaTeX beginner's guide},
  author={Kottwitz, Stefan},
  year={2011},
  publisher={Packt Publishing Ltd}
}

@book{van2012latex,
  title={LATEX and Friends},
  author={van Dongen, Marc},
  year={2012},
  publisher={Springer Science \& Business Media}
}

@misc{wiki,
  author = {Wikilibros},
  title = {{Manual de LaTeX}},
  howpublished = "\url{https://es.wikibooks.org/wiki/Manual_de_LaTeX/Escribiendo_texto/Tablas}",
  year = {2016}, 
  note = "[Online; accessed 12-Feb-2016]"
}

@misc{stack,
  author = {StackExchange},
  title = {{Preguntas y Respuestas LaTeX}},
  howpublished = "\url{http://tex.stackexchange.com/}",
  year = {2016}, 
  note = "[Online; accessed 12-Feb-2016]"
}

@misc{templates,
  author = {Latex Templates},
  title = {{Plantillas LaTeX}},
  howpublished = "\url{http://www.latextemplates.com/}",
  year = {2016}, 
  note = "[Online; accessed 12-Feb-2016]"
}

@misc{tables,
  author = {Tables Generator},
  title = {{Generador de tablas LaTeX}},
  howpublished = "\url{http://www.tablesgenerator.com/}",
  year = {2016}, 
  note = "[Online; accessed 12-Feb-2016]"
}

@misc{ctan,
  author = {CTAN},
  title = {{The Comprehensive TEX Archive Network}},
  howpublished = "\url{https://www.ctan.org/}",
  year = {2016}, 
  note = "[Online; accessed 12-Feb-2016]"
}

